
@article{perkel2022,
	title = {Six tips for better spreadsheets},
	author = {Perkel, Jeffrey M.},
	year = {2022},
	month = {08},
	date = {2022-08-04},
	journal = {Nature},
	pages = {229--230},
	volume = {608},
	number = {7921},
	doi = {10.1038/d41586-022-02076-1},
	url = {https://www.nature.com/articles/d41586-022-02076-1},
	langid = {en}
}
